@ARTICLE{Davies2006,
  author = {Davies, CM and Jones, DB and Stoddart, MJ and Koller K, Smith E,
	Archer CW, Richards RG.},
  title = {Mechanically loaded ex vivo bone culture system {'Zetos'}: systems
	and culture preparation},
  journal = {European Cells \& Materials},
  year = {2006},
  volume = {11},
  pages = {57-75}
}

@ARTICLE{Larrue2011,
  author = {A. Larrue and A. Rattner and Z. Peter and C. olivier and N. Laroche
	and L. Vico and F. Peyrin},
  title = {Synchrotron {R}adiation micro-{CT} at the micrometer scale allows
	analyzing the three-dimensional morphology of microcracks in human
	trabecular bone},
  journal = {PlosOne},
  year = {2011},
  pages = {In press}
}

@INPROCEEDINGS{Weitkamp2010,
  author = {T. Weitkamp and P. Tafforeau and E. Boller and P. Cloetens and J.-P.
	Valade and P. Bernard and F. Peyrin and W. Ludwig and L. Helfen and
	J. Baruchel},
  title = {Status and evolution of the {ESRF} beamline {ID}19},
  booktitle = {ICXOM20: the 20th {I}nternational {C}ongress on {X}-ray {O}ptics
	and {M}icroanalysis},
  year = {2010},
  volume = {1221},
  series = {AIP Conference Proceedings},
  pages = {33-38},
  address = {Karlsruhe, Germany}
}